
@Manual{hipl,
  author = {M. Komu and M. Kousa},
  key = {HIPL},
  url = {http://hipl.hiit.fi},
  title = {Host Identity Protocol for Linux},
}

@misc{rfc2617,
  author={J. Franks and P. Hallam-Baker and J. Hostetler and S. Lawrence and P. Leach and A. Luotonen and L. Stewart},
  title={HTTP Authentication: Basic and Digest Access Authentication},
  series={Request for Comments},
  number={2617},
  howpublished={RFC 2617 (Draft Standard)},
  publisher={IETF},
  organisation={Internet Engineering Task Force},
  year=1999,
  month=jun,
  url={http://www.ietf.org/rfc/rfc2617.txt},
}

@misc{html401,
    author = {Dave Ragget and Arnaud Le Hors and Ian Jacobs},
    title = {{HTML} 4.01 Specification},
    howpublished = {{W3C} Recommendation},
    number = {REC-html-19991224},
    year = {1999},
    month = {December},
    day = {24},
    url = {http://www.w3.org/TR/html401},
    institution= {W3C},
}
